@article{beamer2015gap,
  title={The GAP benchmark suite},
  author={Beamer, Scott and Asanovi{\'c}, Krste and Patterson, David},
  journal={arXiv preprint arXiv:1508.03619},
  year={2015}
}

@misc{spike,
  title={Spike, a RISC-V ISA Simulator},
  howpublished={\url{https://github.com/riscv/riscv-isa-sim}},
  note={Accessed: 06/10/2019}
}

@phdthesis{bienia11benchmarking,
    author = {Christian Bienia},
    title = {Benchmarking Modern Multiprocessors},
    school = {Princeton University},
    year      = {2011},
    month     = {January}
}

@misc{connectal,
  title={Connectal Project},
  howpublished={\url{http://www.connectal.org/}},
  note={Accessed: 06/10/2019}
}

@phdthesis{murali,
  author={Muralidaran Vijayaraghavan},
  title={Modular verification of hardware systems},
  school={Massachusetts Institute of Technology},
  year={2016}
}